

@inproceedings{DBLP:conf/clic-it/BasileSC17,
  author    = {Pierpaolo Basile and
               Giovanni Semeraro and
               Pierluigi Cassotti},
  title     = {Bi-directional LSTM-CNNs-CRF for Italian Sequence Labeling},
  booktitle = {Proceedings of the Fourth Italian Conference on Computational Linguistics
               (CLiC-it 2017), Rome, Italy, December 11-13, 2017.},
  year      = {2017},
  crossref  = {DBLP:conf/clic-it/2017},
  url       = {http://ceur-ws.org/Vol-2006/paper047.pdf},
  timestamp = {Thu, 23 Nov 2017 13:59:33 +0100},
  biburl    = {https://dblp.org/rec/bib/conf/clic-it/BasileSC17},
  bibsource = {dblp computer science bibliography, https://dblp.org}
}
  %%%%%%%%%%%%%%%%%%%%%%%%%%%%%%%%%%%%%%%%%%%%%%%%%
  
  @article{DBLP:journals/corr/MaH16,
  author    = {Xuezhe Ma and
               Eduard H. Hovy},
  title     = {End-to-end Sequence Labeling via Bi-directional LSTM-CNNs-CRF},
  journal   = {CoRR},
  volume    = {abs/1603.01354},
  year      = {2016},
  url       = {http://arxiv.org/abs/1603.01354},
  archivePrefix = {arXiv},
  eprint    = {1603.01354},
  timestamp = {Mon, 13 Aug 2018 16:46:12 +0200},
  biburl    = {https://dblp.org/rec/bib/journals/corr/MaH16},
  bibsource = {dblp computer science bibliography, https://dblp.org}
}


%%%%%%%%%%%%%%%%%%%%%%%%%%%%%%%%%%%%%%%%%%%%%%%%


@inproceedings{DBLP:conf/clic-it/BasileSC172,
  author    = {Pierpaolo Basile and
               Giovanni Semeraro and
               Pierluigi Cassotti},
  title     = {Bi-directional LSTM-CNNs-CRF for Italian Sequence Labeling},
  booktitle = {CLiC-it},
  series    = {{CEUR} Workshop Proceedings},
  volume    = {2006},
  publisher = {CEUR-WS.org},
  year      = {2017}
}

@inproceedings{DBLP:conf/clic-it/CiminoD16,
  author    = {Andrea Cimino and
               Felice Dell'Orletta},
  title     = {Building the state-of-the-art in {POS} tagging of Italian Tweets},
  booktitle = {CLiC-it/EVALITA},
  series    = {{CEUR} Workshop Proceedings},
  volume    = {1749},
  publisher = {CEUR-WS.org},
  year      = {2016}
}


%%%%%%%%%%%%%%%%%%%%%%%%%%%%

@article{DBLP:journals/corr/abs-1301-3781,
  author    = {Tomas Mikolov and
               Kai Chen and
               Greg Corrado and
               Jeffrey Dean},
  title     = {Efficient Estimation of Word Representations in Vector Space},
  journal   = {CoRR},
  volume    = {abs/1301.3781},
  year      = {2013}
}


%%%%%%%%%%%%%%%%%%%%%%%%%%%%%%%%


@article{DBLP:journals/corr/ChiuN15,
  author    = {Jason P. C. Chiu and
               Eric Nichols},
  title     = {Named Entity Recognition with Bidirectional LSTM-CNNs},
  journal   = {CoRR},
  volume    = {abs/1511.08308},
  year      = {2015},
  url       = {http://arxiv.org/abs/1511.08308},
  archivePrefix = {arXiv},
  eprint    = {1511.08308},
  timestamp = {Mon, 13 Aug 2018 16:46:15 +0200},
  biburl    = {https://dblp.org/rec/bib/journals/corr/ChiuN15},
  bibsource = {dblp computer science bibliography, https://dblp.org}
}

%%%%%%%%%%%%%%%%

@inproceedings{DBLP:conf/emnlp/PenningtonSM14,
  author    = {Jeffrey Pennington and
               Richard Socher and
               Christopher D. Manning},
  title     = {Glove: Global Vectors for Word Representation},
  booktitle = {{EMNLP}},
  pages     = {1532--1543},
  publisher = {{ACL}},
  year      = {2014}
}

%%%%%%%%%%%%%%%%%%%%%%%%%%%%

@article{DBLP:journals/corr/cs-CL-0306050,
  author    = {Erik F. Tjong Kim Sang and
               Fien De Meulder},
  title     = {Introduction to the CoNLL-2003 Shared Task: Language-Independent Named
               Entity Recognition},
  journal   = {CoRR},
  volume    = {cs.CL/0306050},
  year      = {2003}
}


%%%%%%%%%%%%%%%%%%%%%%%%%


@inproceedings{DBLP:conf/aaai/BordesWCB11,
  author    = {Antoine Bordes and
               Jason Weston and
               Ronan Collobert and
               Yoshua Bengio},
  title     = {Learning Structured Embeddings of Knowledge Bases},
  booktitle = {Proceedings of the Twenty-Fifth {AAAI} Conference on Artificial Intelligence,
               {AAAI} 2011, San Francisco, California, USA, August 7-11, 2011},
  year      = {2011},
  crossref  = {DBLP:conf/aaai/2011},
  url       = {http://www.aaai.org/ocs/index.php/AAAI/AAAI11/paper/view/3659},
  timestamp = {Tue, 09 Aug 2011 07:56:46 +0200},
  biburl    = {https://dblp.org/rec/bib/conf/aaai/BordesWCB11},
  bibsource = {dblp computer science bibliography, https://dblp.org}
}

%%%%%%%%%%%%%%%%%%%%%%%%%%%


@article{DBLP:journals/jmlr/SrivastavaHKSS14,
  author    = {Nitish Srivastava and
               Geoffrey E. Hinton and
               Alex Krizhevsky and
               Ilya Sutskever and
               Ruslan Salakhutdinov},
  title     = {Dropout: a simple way to prevent neural networks from overfitting},
  journal   = {Journal of Machine Learning Research},
  volume    = {15},
  number    = {1},
  pages     = {1929--1958},
  year      = {2014}
}

%%%%%%%%%%%%%%%%%%%%%%%%%

@article{DBLP:journals/corr/ZhangL15,
  author    = {Xiang Zhang and
               Yann LeCun},
  title     = {Text Understanding from Scratch},
  journal   = {CoRR},
  volume    = {abs/1502.01710},
  year      = {2015}
}

%%%%%%%%%%%%%%%%%%%%%%%%%%%%%

@article{hochreiter1997long,
  added-at = {2016-11-15T08:49:43.000+0100},
  author = {Hochreiter, Sepp and Schmidhuber, J{\"u}rgen},
  biburl = {https://www.bibsonomy.org/bibtex/2a4a80026d24955b267cae636aa8abe4a/dallmann},
  interhash = {0692b471c4b9ae65d00affebc09fb467},
  intrahash = {a4a80026d24955b267cae636aa8abe4a},
  journal = {Neural computation},
  keywords = {lstm rnn},
  number = 8,
  pages = {1735--1780},
  publisher = {MIT Press},
  timestamp = {2016-11-15T08:49:43.000+0100},
  title = {Long short-term memory},
  volume = 9,
  year = 1997
}

%%%%%%%%%%%%%%%%%%%%%%%%%%%%%%%%%%%%%%%%

@article{DBLP:journals/corr/Graves13,
  author    = {Alex Graves},
  title     = {Generating Sequences With Recurrent Neural Networks},
  journal   = {CoRR},
  volume    = {abs/1308.0850},
  year      = {2013}
}

%%%%%%%%%%%%%%%%%%%%%%%%%%%%%%%%%%%%%%%


@INPROCEEDINGS{Lafferty01conditionalrandom,
    author = {John Lafferty},
    title = {Conditional random fields: Probabilistic models for segmenting and labeling sequence data},
    booktitle = {},
    year = {2001},
    pages = {282--289},
    publisher = {Morgan Kaufmann}
}

%%%%%%%%%%%%%%%%%%%%%%%%%%%%%%%%%%%%%

@inproceedings{DBLP:conf/acl/CroceFCB17,
  author    = {Danilo Croce and
               Simone Filice and
               Giuseppe Castellucci and
               Roberto Basili},
  title     = {Deep Learning in Semantic Kernel Spaces},
  booktitle = {{ACL} {(1)}},
  pages     = {345--354},
  publisher = {Association for Computational Linguistics},
  year      = {2017}
}